@INPROCEEDINGS{rangnau2020_cst,
  author={Rangnau, Thorsten and Buijtenen, Remco v. and Fransen, Frank and Turkmen, Fatih},
  booktitle={2020 IEEE 24th International Enterprise Distributed Object Computing Conference (EDOC)},
  title={Continuous Security Testing: A Case Study on Integrating Dynamic Security Testing Tools in CI/CD Pipelines},
  year={2020},
  volume={},
  number={},
  pages={145-154},
  keywords={Security;Testing;Pipelines;Synthetic aperture sonar;Automation;Application security;Tools;DevSecOps;Dynamic Security Web Testing;Continuous Security;Continuous Integration},
  doi={10.1109/EDOC49727.2020.00026}}

@INPROCEEDINGS{marandi2023_ias,
  author={Marandi, Manohar and Bertia, A. and Silas, Salaja},
  booktitle={2023 World Conference on Communication & Computing (WCONF)},
  title={Implementing and Automating Security Scanning to a DevSecOps CI/CD Pipeline},
  year={2023},
  volume={},
  number={},
  pages={1-6},
  keywords={Industries;Pipelines;Containers;Application security;Software;Real-time systems;Security;Security Scanning;DevSecOps;Continuous Integration and Continuous Deployment (CICD);Static application security testing(SAST);Dynamic application security testing (DAST)},
  doi={10.1109/WCONF58270.2023.10235015}}

@INPROCEEDINGS{nikolov2024_fit,
  author={Nikolov, Lyuben and Aleksieva-Petrova, Adelina},
  booktitle={2024 International Conference on Software, Telecommunications and Computer Networks (SoftCOM)},
  title={Framework for Integrating Threat Modeling into a DevOps Pipeline for Enhanced Software Development},
  year={2024},
  volume={},
  number={},
  pages={1-5},
  keywords={Threat modeling;DevOps;Databases;Pipelines;Standards organizations;Machine learning;Software systems;Data models;Telecommunications;Security;DevOps;DevSecOps;threat modeling;Jenkins;pipeline},
  doi={10.23919/SoftCOM62040.2024.10721871}}

@INPROCEEDINGS{afifah2024_coi,
  author={Afifah, Angelita Salsabila and Kabetta, Herman and Setia Buana, I Komang and Setiawan, Hermawan},
  booktitle={2024 International Conference on Artificial Intelligence, Blockchain, Cloud Computing, and Data Analytics (ICoABCD)},
  title={Code Obfuscation in CI/CD Pipelines for Enhanced DevOps Security},
  year={2024},
  volume={},
  number={},
  pages={137-142},
  keywords={DevOps;Codes;Databases;Source coding;Pipelines;Software quality;Encryption;Security;Protection;Testing;DevOps;DevSecOps;C/ICD;Continuous Deployment;Code Obfuscation;Blowfish Algorithm;Software Security;GitHub Actions},
  doi={10.1109/ICoABCD63526.2024.10704536}}
